@misc{esaCMS,
  title  = {esa を CMS に VuePress v2 で管理しやすいドキュメントサイトを作る},
  author = {ryo$\_$kawamata},
  note   = {https://zenn.dev/ryo$\_$kawamata/articles/4bf52f97165058},
  year   = {2021}
}

@misc{esaCMSHeadless,
  title  = {esaをHeadless CMSとして使う},
  author = {nabinno},
  note   = {https://nabinno.github.io/posts/67},
  year   = {2021}
}

@misc{hugoYoutubeStudy,
  title  = {GettingStartedWithHugo|FREECOURSE},
  author = {Envato Tuts+},
  note   = {https://youtu.be/hjD9jTi$\_$DQ4},
  year   = {2021}
}

@misc{esaとは,
  title  = {【画像あり】esa（エサ）とは｜使い方や料金、口コミ・評判も紹介！},
  author = {Stock inc},
  note   = {https://www.stock-app.info/media/?p=37138},
  year   = {2023}
}

@misc{公式esaWeb,
  title  = {esa.io},
  author = {esa公式ページ},
  note   = {https://esa.io/},
  year   = {2023}
}

@misc{hugoとは,
  title  = {静的サイトジェネレータ「Hugo」と技術文書公開向けテーマ「Docsy」でOSSサイトを作る},
  author = {SAKURA internet Inc.},
  note   = {https://knowledge.sakura.ad.jp/22908/},
  year   = {2022}
}

@misc{hugo公式,
  title  = {Hugo},
  author = {hugo公式ページ},
  note   = {https://gohugo.io/},
  year   = {2023}
}

@misc{githubAction,
  title  = {GitHub Actionsのドキュメント},
  author = {2023 GitHub, Inc.},
  note   = {https://docs.github.com/ja/actions},
  year   = {2022}
}

@misc{githubPages,
  title  = {GitHub Pages について},
  author = {2023 GitHub, Inc.},
  note   = {https://docs.github.com/ja/pages/getting$\-$started$\-$with$\-$github$\-$pages/about$\-$github$\-$pages},
  year   = {2023}
}

@misc{cmsとは,
  title  = {CMSとは？初心者でもわかるCMSの基礎知識とメリット、導入事例},
  author = {Hitachi Solutions, Ltd.},
  note   = {https://www.hitachi$\-$solutions.co.jp/digitalmarketing/sp/column/cms$\_$vol01/},
  year   = {2023}
}


